[gd_scene load_steps=12 format=3 uid="uid://c7jhv7u18lcw7"]

[ext_resource type="Script" path="res://motion_ai/common/machine/TCM_GR_Flee.gd" id="1"]
[ext_resource type="Script" path="res://addons/xsm/state_root.gd" id="2"]
[ext_resource type="Script" path="res://motion_ai/common/machine/TCM_GR_Idle.gd" id="3"]
[ext_resource type="Script" path="res://motion_ai/common/machine/TCM_PTR_Falling.gd" id="4"]
[ext_resource type="Script" path="res://addons/xsm/state.gd" id="4_da8k2"]
[ext_resource type="Script" path="res://motion_ai/common/machine/TCM_PTR_Walk.gd" id="5"]
[ext_resource type="Script" path="res://motion_ai/common/machine/TaskingCowardMachine.gd" id="6"]
[ext_resource type="Script" path="res://motion_ai/common/machine/TCM_PhysicsTravelRegion.gd" id="7"]
[ext_resource type="Script" path="res://motion_ai/common/machine/TCM_PTR_Idle.gd" id="9"]
[ext_resource type="Script" path="res://motion_ai/common/machine/TCM_PTR_OnGround.gd" id="10"]
[ext_resource type="Script" path="res://motion_ai/common/machine/TCM_TaskManagerRegion.gd" id="11"]

[node name="TaskingCowardMachine" type="Node"]
script = ExtResource("6")

[node name="GoalRegion" type="Node" parent="."]
script = ExtResource("2")

[node name="Idle" type="Node" parent="GoalRegion"]
script = ExtResource("3")
history_size = 0
disabled = false
debug_mode = false
target_path = NodePath("")
timed = false
next_state = NodePath("../GenericTasked")

[node name="GenericTasked" type="Node" parent="GoalRegion"]
script = ExtResource("4_da8k2")
history_size = 0
disabled = false
debug_mode = false
target_path = NodePath("")
timed = false
next_state = NodePath("../Flee")

[node name="Flee" type="Node" parent="GoalRegion"]
script = ExtResource("1")
history_size = 0
disabled = false
debug_mode = false
target_path = NodePath("")
timed = false
next_state = NodePath("")

[node name="TaskManagerRegion" type="Node" parent="."]
script = ExtResource("11")

[node name="PhysicsTravelRegion" type="Node" parent="."]
script = ExtResource("7")
history_size = 0
disabled = false
debug_mode = false
target_path = NodePath("")
timed = false
next_state = NodePath("")

[node name="OnGround" type="Node" parent="PhysicsTravelRegion"]
script = ExtResource("10")
disabled = false
debug_mode = false
target_path = NodePath("")
timed = false
next_state = NodePath("../Falling")

[node name="Idle" type="Node" parent="PhysicsTravelRegion/OnGround"]
script = ExtResource("9")
disabled = false
debug_mode = false
target_path = NodePath("")
timed = false
next_state = NodePath("../Walk")

[node name="Walk" type="Node" parent="PhysicsTravelRegion/OnGround"]
script = ExtResource("5")
disabled = false
debug_mode = false
target_path = NodePath("")
timed = false
next_state = NodePath("")

[node name="Falling" type="Node" parent="PhysicsTravelRegion"]
script = ExtResource("4")
disabled = false
debug_mode = false
target_path = NodePath("")
timed = false
next_state = NodePath("")

[connection signal="current_task_failed" from="TaskManagerRegion" to="." method="_on_TaskManagerRegion_current_task_failed"]
[connection signal="current_task_succeeded" from="TaskManagerRegion" to="." method="_on_TaskManagerRegion_current_task_succeeded"]
